[gd_scene load_steps=8 format=2]

[ext_resource path="res://kerno/menuo/resursoj/fonts/18957.otf" type="DynamicFontData" id=1]
[ext_resource path="res://kerno/menuo/resursoj/fonts/Buttons_stylel.tres" type="StyleBox" id=2]
[ext_resource path="res://blokoj/rcentro/skriptoj/dialog.gd" type="Script" id=3]
[ext_resource path="res://blokoj/rcentro/skriptoj/item_list.gd" type="Script" id=4]
[ext_resource path="res://blokoj/rcentro/skriptoj/http_resurso_request.gd" type="Script" id=5]

[sub_resource type="DynamicFont" id=1]
font_data = ExtResource( 1 )

[sub_resource type="DynamicFont" id=2]
font_data = ExtResource( 1 )

[node name="WindowDialog" type="WindowDialog"]
margin_left = 138.0
margin_top = 98.0
margin_right = 944.0
margin_bottom = 462.0
resizable = true
script = ExtResource( 3 )

[node name="HTTPResursojRequestFind" type="HTTPRequest" parent="."]
script = ExtResource( 5 )

[node name="ItemList" type="ItemList" parent="."]
margin_left = 12.0
margin_top = 12.0
margin_right = 394.0
margin_bottom = 352.0
custom_fonts/font = SubResource( 1 )
script = ExtResource( 4 )
__meta__ = {
"_edit_use_anchors_": false
}

[node name="DetailLabel" type="Label" parent="."]
margin_left = 406.0
margin_top = 63.0
margin_right = 797.0
margin_bottom = 87.0
custom_styles/normal = ExtResource( 2 )
custom_fonts/font = SubResource( 2 )
__meta__ = {
"_edit_use_anchors_": false
}
[connection signal="request_completed" from="HTTPResursojRequestFind" to="HTTPResursojRequestFind" method="_on_HTTPRequestFind_request_completed"]
[connection signal="item_selected" from="ItemList" to="ItemList" method="_on_ItemList_item_selected"]
